<record><leader>00000cas a2200000 a 4500</leader><controlfield tag="001">20556364</controlfield><controlfield tag="008">891027d19711991okuwr ne      0   a0eng d</controlfield><datafield ind1=" " ind2=" " tag="010"><subfield code="a">sn 96087812 </subfield></datafield><datafield ind1=" " ind2=" " tag="040"><subfield code="a">OKN</subfield><subfield code="b">eng</subfield><subfield code="c">OKN</subfield><subfield code="d">NSD</subfield><subfield code="d">OBN</subfield><subfield code="d">OCL</subfield><subfield code="d">OCLCQ</subfield><subfield code="d">OCLCF</subfield><subfield code="d">OCLCO</subfield></datafield><datafield ind1="1" ind2=" " tag="029"><subfield code="a">AU@</subfield><subfield code="b">000012570572</subfield></datafield><datafield ind1=" " ind2=" " tag="042"><subfield code="a">msc</subfield></datafield><datafield ind1=" " ind2=" " tag="043"><subfield code="a">n-us-ok</subfield></datafield><datafield ind1="0" ind2="0" tag="245"><subfield code="a">Wagoner record-democrat.</subfield></datafield><datafield ind1=" " ind2=" " tag="260"><subfield code="a">Wagoner, Okla. :</subfield><subfield code="b">Frank Spence</subfield></datafield><datafield ind1=" " ind2=" " tag="300"><subfield code="a">v.</subfield></datafield><datafield ind1=" " ind2=" " tag="310"><subfield code="a">Weekly</subfield></datafield><datafield ind1="0" ind2=" " tag="362"><subfield code="a">Vol. 79, no. 4 (June 24, 1971)-v. 98, no. 61 (Aug. 1, 1991).</subfield></datafield><datafield ind1=" " ind2="0" tag="651"><subfield code="a">Wagoner (Okla.)</subfield><subfield code="v">Newspapers.</subfield></datafield><datafield ind1=" " ind2="0" tag="651"><subfield code="a">Wagoner County (Okla.)</subfield><subfield code="v">Newspapers.</subfield></datafield><datafield ind1=" " ind2="7" tag="655"><subfield code="a">Newspapers.</subfield><subfield code="2">fast</subfield><subfield code="0">(OCoLC)fst01423814</subfield></datafield><datafield ind1=" " ind2="7" tag="651"><subfield code="a">Oklahoma</subfield><subfield code="z">Wagoner.</subfield><subfield code="2">fast</subfield><subfield code="0">(OCoLC)fst01208619</subfield></datafield><datafield ind1=" " ind2="7" tag="651"><subfield code="a">Oklahoma</subfield><subfield code="z">Wagoner County.</subfield><subfield code="2">fast</subfield><subfield code="0">(OCoLC)fst01208618</subfield></datafield><datafield ind1=" " ind2=" " tag="752"><subfield code="a">United States</subfield><subfield code="b">Oklahoma</subfield><subfield code="c">Wagoner</subfield><subfield code="d">Wagoner.</subfield></datafield><datafield ind1="0" ind2="0" tag="780"><subfield code="t">Record-democrat (Wagoner, Okla.)</subfield><subfield code="w">(DLC)sn 96087811</subfield><subfield code="w">(OCoLC)34790170</subfield></datafield><datafield ind1="0" ind2="7" tag="785"><subfield code="t">Wagoner tribune (Wagoner, Okla. : 1920)</subfield><subfield code="w">(DLC)sn 83003372</subfield><subfield code="w">(OCoLC)10092982</subfield></datafield><datafield ind1="0" ind2="7" tag="785"><subfield code="t">Wagoner record-tribune</subfield><subfield code="w">(DLC)sn 92006607</subfield><subfield code="w">(OCoLC)26964183</subfield></datafield></record>